@INPROCEEDINGS{Piccardi04,
author={Piccardi, M.},
booktitle={Systems, Man and Cybernetics, 2004 IEEE International Conference on},
title={Background subtraction techniques: a review},
year={2004},
month={Oct},
volume={4},
pages={3099-3104 vol.4},
keywords={feature extraction;image motion analysis;object detection;background density estimation;background subtraction technique;object detection;spatial correlation;static cameras;Australia;Cameras;Computer vision;Filters;Geometry;Information technology;Layout;Object detection;Subtraction techniques;Videos},
doi={10.1109/ICSMC.2004.1400815},
ISSN={1062-922X},}
@book{Duda01,
 author = {Duda, Richard O. and Hart, Peter E. and Stork, David G.},
 title = {Pattern Classification (2Nd Edition)},
 year = {2000},
 isbn = {0471056693},
 publisher = {Wiley-Interscience},
} 
@INPROCEEDINGS{YanKe05,
author={Yan Ke and Sukthankar, R. and Hebert, M.},
booktitle={Computer Vision, 2005. ICCV 2005. Tenth IEEE International Conference on},
title={Efficient visual event detection using volumetric features},
year={2005},
month={Oct},
volume={1},
pages={166-173 Vol. 1},
keywords={feature extraction;image classification;image motion analysis;image sequences;object detection;video signal processing;2D box feature;3D spatiotemporal volumetric feature;human action classification;interest point based human activity recognizer;local descriptor;object detection;real-time video analysis;real-world sequence;smooth motion;static image;video sequence;visual event detection;Computer vision;Databases;Detectors;Event detection;Filters;Humans;Motion detection;Object detection;Robustness;Video sequences},
doi={10.1109/ICCV.2005.85},
ISSN={1550-5499},}
@INPROCEEDINGS{YanKe07,
author={Yan Ke and Sukthankar, R. and Hebert, M.},
booktitle={Computer Vision, 2007. ICCV 2007. IEEE 11th International Conference on},
title={Event Detection in Crowded Videos},
year={2007},
month={Oct},
pages={1-8},
keywords={feature extraction;image matching;image motion analysis;image segmentation;object detection;video signal processing;actor segmentation;background clutter;crowded dynamic environments;crowded video event detection;distracting motion;event recognition technique;oversegmented spatio-temporal video volumes;part matching;partial occlusion;shape-based features;volumetric representation;Event detection;Humans;Image motion analysis;Layout;Motion detection;Object detection;Robustness;Shape;Target tracking;Video sequences},
doi={10.1109/ICCV.2007.4409011},
ISSN={1550-5499},}
@article{Basharat08,
 author = {Basharat, Arslan and Zhai, Yun and Shah, Mubarak},
 title = {Content Based Video Matching Using Spatiotemporal Volumes},
 journal = {Comput. Vis. Image Underst.},
 issue_date = {June, 2008},
 volume = {110},
 number = {3},
 month = jun,
 year = {2008},
 issn = {1077-3142},
 pages = {360--377},
 numpages = {18},
 url = {http://dx.doi.org/10.1016/j.cviu.2007.09.016},
 doi = {10.1016/j.cviu.2007.09.016},
 acmid = {1370557},
 publisher = {Elsevier Science Inc.},
 address = {New York, NY, USA},
 keywords = {Motion segmentation, Spatiotemporal volumes, Video matching, Video retrieval},
} 
@INPROCEEDINGS{Liu09,
author={Jingen Liu and Jiebo Luo and Shah, M.},
booktitle={Computer Vision and Pattern Recognition, 2009. CVPR 2009. IEEE Conference on},
title={Recognizing realistic actions from videos "in the wild"},
year={2009},
month={June},
pages={1996-2003},
keywords={image motion analysis;video signal processing;AdaBoost;KTH dataset;PageRank;YouTube;action localization;feature extraction;information-theoretic algorithm;informative static features;motion features;motion statistics;personal videos;realistic action recognition;unconstrained videos;visual vocabularies;Cameras;Computer vision;Feature extraction;Humans;Motion pictures;Shape;Spatiotemporal phenomena;Videos;Vocabulary;YouTube},
doi={10.1109/CVPR.2009.5206744},
ISSN={1063-6919},}
@incollection{Niebles10,
year={2010},
isbn={978-3-642-15551-2},
booktitle={Computer Vision â€“ ECCV 2010},
volume={6312},
series={Lecture Notes in Computer Science},
editor={Daniilidis, Kostas and Maragos, Petros and Paragios, Nikos},
doi={10.1007/978-3-642-15552-9_29},
title={Modeling Temporal Structure of Decomposable Motion Segments for Activity Classification},
url={http://dx.doi.org/10.1007/978-3-642-15552-9_29},
publisher={Springer Berlin Heidelberg},
author={Niebles, JuanCarlos and Chen, Chih-Wei and Fei-Fei, Li},
pages={392-405},
language={English}
}
@ARTICLE{Ji13,
author={Shuiwang Ji and Wei Xu and Ming Yang and Kai Yu},
journal={Pattern Analysis and Machine Intelligence, IEEE Transactions on},
title={3D Convolutional Neural Networks for Human Action Recognition},
year={2013},
month={Jan},
volume={35},
number={1},
pages={221-231},
keywords={feature extraction;gesture recognition;image classification;image motion analysis;image representation;neural nets;spatiotemporal phenomena;video surveillance;3D CNN model;3D convolutional neural networks;airport surveillance videos;automated human action recognition;baseline methods;complex handcrafted features;deep model;feature representation;high-level features;motion information encoding;spatial dimensions;temporal dimensions;Computational modeling;Computer architecture;Feature extraction;Kernel;Solid modeling;Three dimensional displays;Videos;3D convolution;Deep learning;action recognition;convolutional neural networks;model combination;Algorithms;Decision Support Techniques;Image Interpretation, Computer-Assisted;Imaging, Three-Dimensional;Movement;Neural Networks (Computer);Pattern Recognition, Automated;Subtraction Technique},
doi={10.1109/TPAMI.2012.59},
ISSN={0162-8828},}
@article{Bharath14,
  author    = {Bharath Hariharan and
               Pablo Arbelaez and
               Ross B. Girshick and
               Jitendra Malik},
  title     = {Simultaneous Detection and Segmentation},
  journal   = {CoRR},
  year      = {2014},
  volume    = {abs/1407.1808},
  url       = {http://arxiv.org/abs/1407.1808},
  timestamp = {Sun, 09 Nov 2014 17:58:13 +0100},
  biburl    = {http://dblp.uni-trier.de/rec/bib/journals/corr/HariharanAGM14},
  bibsource = {dblp computer science bibliography, http://dblp.org}
}
@incollection{kaew,
  title={An improved adaptive background mixture model for real-time tracking with shadow detection},
  author={KaewTraKulPong, Pakorn and Bowden, Richard},
  booktitle={Video-based surveillance systems},
  pages={135--144},
  year={2002},
  publisher={Springer}
}
@article{slic,
  title={SLIC superpixels compared to state-of-the-art superpixel methods},
  author={Achanta, Radhakrishna and Shaji, Appu and Smith, Kevin and Lucchi, Aurelien and Fua, Pascal and Susstrunk, Sabine},
  journal={Pattern Analysis and Machine Intelligence, IEEE Transactions on},
  volume={34},
  number={11},
  pages={2274--2282},
  year={2012},
  publisher={IEEE}
}
@article{itti,
  title={A model of saliency-based visual attention for rapid scene analysis},
  author={Itti, Laurent and Koch, Christof and Niebur, Ernst},
  journal={IEEE Transactions on pattern analysis and machine intelligence},
  volume={20},
  number={11},
  pages={1254--1259},
  year={1998},
  publisher={IEEE Computer Society}
}
@article{grabcut,
  title={Grabcut: Interactive foreground extraction using iterated graph cuts},
  author={Rother, Carsten and Kolmogorov, Vladimir and Blake, Andrew},
  journal={ACM Transactions on Graphics (TOG)},
  volume={23},
  number={3},
  pages={309--314},
  year={2004},
  publisher={ACM}
}
@INPROCEEDINGS{subwindowsearch, 
author={Lampert, Christoph H. and Blaschko, M.B. and Hofmann, T.}, 
booktitle={Computer Vision and Pattern Recognition, 2008. CVPR 2008. IEEE Conference on}, 
title={Beyond sliding windows: Object localization by efficient subwindow search}, 
year={2008}, 
month={June}, 
pages={1-8}, 
keywords={image classification;image retrieval;object detection;tree searching;ESS method;branch-and-bound scheme;efficient subwindow search;object detection;object localization;object recognition systems;object retrieval;sliding windows;subimage classifier functions;Computational efficiency;Cybernetics;Electronic switching systems;Image recognition;Kernel;Nearest neighbor searches;Object detection;Object recognition;Performance evaluation;Pixel}, 
doi={10.1109/CVPR.2008.4587586}, 
ISSN={1063-6919},}
@Article{selectivesearch,
  author       = "Uijlings, J. R. R. and van de Sande, K. E. A. and Gevers, T. and Smeulders, A. W. M.",
  title        = "Selective Search for Object Recognition",
  journal      = "International Journal of Computer Vision",
  number       = "2",
  volume       = "104",
  pages        = "154--171",
  year         = "2013",
  url          = "https://ivi.fnwi.uva.nl/isis/publications/2013/UijlingsIJCV2013",
  pdf          = "https://ivi.fnwi.uva.nl/isis/publications/2013/UijlingsIJCV2013/UijlingsIJCV2013.pdf",
  has_image    = 1
}
@INPROCEEDINGS{tubelet, 
author={Jain, M. and van Gemert, J. and Jegou, H. and Bouthemy, P. and Snoek, C.G.M.}, 
booktitle={Computer Vision and Pattern Recognition (CVPR), 2014 IEEE Conference on}, 
title={Action Localization with Tubelets from Motion}, 
year={2014}, 
month={June}, 
pages={740-747}, 
keywords={image motion analysis;image sampling;image sequences;2D+t sequences;action localization;action related motion;background motion;bounding box sequences;bounding boxes;image localization;sampling strategy;super-voxel;tubelets;Histograms;Image color analysis;Image segmentation;Merging;Motion segmentation;Search problems;Videos}, 
doi={10.1109/CVPR.2014.100},}
@ARTICLE{spectralSal, 
author={Tie Liu and Zejian Yuan and Jian Sun and Jingdong Wang and Nanning Zheng and Xiaoou Tang and Heung-Yeung Shum}, 
journal={Pattern Analysis and Machine Intelligence, IEEE Transactions on}, 
title={Learning to Detect a Salient Object}, 
year={2011}, 
month={Feb}, 
volume={33}, 
number={2}, 
pages={353-367}, 
keywords={image colour analysis;image sequences;object detection;random processes;visual databases;binary labeling task;center-surround histogram;color spatial distribution;conditional random field;dynamic salient features;large image database;multiscale contrast;salient object detection;sequential images;video segment database;Salient object detection;conditional random field;saliency map.;visual attention}, 
doi={10.1109/TPAMI.2010.70}, 
ISSN={0162-8828},}
@INPROCEEDINGS{salFilters, 
author={Perazzi, F. and Krahenbuhl, P. and Pritch, Y. and Hornung, A.}, 
booktitle={Computer Vision and Pattern Recognition (CVPR), 2012 IEEE Conference on}, 
title={Saliency filters: Contrast based filtering for salient region detection}, 
year={2012}, 
month={June}, 
pages={733-740}, 
keywords={Gaussian processes;filtering theory;image segmentation;compact perceptually homogeneous elements;conceptual simplicity;contrast based filtering;contrast-based saliency estimation;element contrast;element spatial distribution;foreground-background separation;high-dimensional Gaussian filter;image decomposition;image processing;linear complexity;pixel-accurate saliency map;saliency filter;salient region detection;Abstracts;Approximation methods;Estimation;Histograms;Image color analysis;Image edge detection;Image segmentation}, 
doi={10.1109/CVPR.2012.6247743}, 
ISSN={1063-6919},}
@INPROCEEDINGS{patchRarities, 
author={Borji, A. and Itti, L.}, 
booktitle={Computer Vision and Pattern Recognition (CVPR), 2012 IEEE Conference on}, 
title={Exploiting local and global patch rarities for saliency detection}, 
year={2012}, 
month={June}, 
pages={478-485}, 
keywords={image colour analysis;Lab color space;RGB color space;benchmark eye-tracking dataset;global image patch rarity;global patch rarity;global saliency;input image partitioning;local image patch rarity;local patch rarity;local saliency;nonoverlapping patch;patch rarity measurement;saliency detection;Adaptation models;Computational modeling;Dictionaries;Humans;Image color analysis;Vectors;Visualization}, 
doi={10.1109/CVPR.2012.6247711}, 
ISSN={1063-6919},}
@INPROCEEDINGS{globContrast, 
author={Ming-Ming Cheng and Guo-Xin Zhang and Mitra, N.J. and Xiaolei Huang and Shi-Min Hu}, 
booktitle={Computer Vision and Pattern Recognition (CVPR), 2011 IEEE Conference on}, 
title={Global contrast based salient region detection}, 
year={2011}, 
month={June}, 
pages={409-416}, 
keywords={computer vision;feature extraction;image resolution;image segmentation;object recognition;adaptive compression;computer vision;full resolution saliency maps;global contrast based salient region detection;high quality segmentation;image processing;image segmentation;object recognition;regional contrast based saliency extraction algorithm;spatial coherence;visual saliency estimation reliability;Histograms;Humans;Image color analysis;Image segmentation;Quantization;Smoothing methods;Visualization}, 
doi={10.1109/CVPR.2011.5995344}, 
ISSN={1063-6919},}

